@online{v201,
  title = {Versuch 201: Das Dulong-Petische-Gesetz},
  urldate = "2017-11-13",
  url ="http://129.217.224.2/HOMEPAGE/PHYSIKER/BACHELOR/AP/SKRIPT/V201.pdf"
}
@online{waermeleit,
  title = {Wärmeleitfähigkeit},
  urldate = "2017-11-24",
  url ="http://www.chemie.de/lexikon/Spezifische_W%C3%A4rmekapazit%C3%A4t.html"
}
